{
  "leader": "05033cam a2200721 a 4500",
  "fields": [
    {
      "001": "ocn144612811"
    },
    {
      "003": "OCoLC"
    },
    {
      "005": "20220630131955.0"
    },
    {
      "008": "070618s2007\\\\\\\\mdua\\\\\\\\\\b\\\\\\\\101\\0\\eng\\\\"
    },
    {
      "010": {
        "ind1": "\\",
        "ind2": "\\",
        "subfields": [
          {
            "a": "  2007926459"
          }
        ]
      }
    },
    {
      "040": {
        "ind1": "\\",
        "ind2": "\\",
        "subfields": [
          {
            "a": "NLM"
          },
          {
            "b": "eng"
          },
          {
            "c": "NLM"
          },
          {
            "d": "TEF"
          },
          {
            "d": "BAKER"
          },
          {
            "d": "BTCTA"
          },
          {
            "d": "YDXCP"
          },
          {
            "d": "IXA"
          },
          {
            "d": "DLC"
          },
          {
            "d": "BDX"
          },
          {
            "d": "HDC"
          },
          {
            "d": "OCLCF"
          },
          {
            "d": "OCLCO"
          },
          {
            "d": "OCLCQ"
          },
          {
            "d": "OCLCO"
          },
          {
            "d": "OCLCA"
          },
          {
            "d": "OCL"
          },
          {
            "d": "WLU"
          },
          {
            "d": "PAU"
          },
          {
            "d": "UKMGB"
          },
          {
            "d": "NLM"
          },
          {
            "d": "OCLCO"
          },
          {
            "d": "OCLCA"
          },
          {
            "d": "OCLCQ"
          },
          {
            "d": "EXG"
          },
          {
            "d": "OCLCO"
          },
          {
            "d": "OCLCQ"
          },
          {
            "d": "OCLCO"
          }
        ]
      }
    },
    {
      "015": {
        "ind1": "\\",
        "ind2": "\\",
        "subfields": [
          {
            "a": "GBA794177"
          },
          {
            "2": "bnb"
          }
        ]
      }
    },
    {
      "016": {
        "ind1": "7",
        "ind2": "\\",
        "subfields": [
          {
            "a": "101313667"
          },
          {
            "2": "DNLM"
          }
        ]
      }
    },
    {
      "016": {
        "ind1": "7",
        "ind2": "\\",
        "subfields": [
          {
            "a": "013942903"
          },
          {
            "2": "Uk"
          }
        ]
      }
    },
    {
      "020": {
        "ind1": "\\",
        "ind2": "\\",
        "subfields": [
          {
            "a": "9780761838197"
          },
          {
            "q": "(pbk. ;"
          },
          {
            "q": "alk. paper)"
          }
        ]
      }
    },
    {
      "020": {
        "ind1": "\\",
        "ind2": "\\",
        "subfields": [
          {
            "a": "0761838198"
          },
          {
            "q": "(pbk. ;"
          },
          {
            "q": "alk. paper)"
          }
        ]
      }
    },
    {
      "024": {
        "ind1": "8",
        "ind2": "\\",
        "subfields": [
          {
            "a": "99817564268"
          }
        ]
      }
    },
    {
      "035": {
        "ind1": "\\",
        "ind2": "\\",
        "subfields": [
          {
            "a": "(OCoLC)144612811"
          }
        ]
      }
    },
    {
      "042": {
        "ind1": "\\",
        "ind2": "\\",
        "subfields": [
          {
            "a": "nlmcopyc"
          }
        ]
      }
    },
    {
      "050": {
        "ind1": "\\",
        "ind2": "4",
        "subfields": [
          {
            "a": "RA422"
          },
          {
            "b": ".P55 2007"
          }
        ]
      }
    },
    {
      "060": {
        "ind1": "0",
        "ind2": "0",
        "subfields": [
          {
            "a": "2007 I-177"
          }
        ]
      }
    },
    {
      "060": {
        "ind1": "1",
        "ind2": "0",
        "subfields": [
          {
            "a": "WA 530.1"
          },
          {
            "b": "P544 2007"
          }
        ]
      }
    },
    {
      "082": {
        "ind1": "0",
        "ind2": "4",
        "subfields": [
          {
            "a": "614.44"
          },
          {
            "b": "PHI"
          }
        ]
      }
    },
    {
      "245": {
        "ind1": "0",
        "ind2": "0",
        "subfields": [
          {
            "a": "Philanthropic foundations and the globalization of scientific medicine and public health :"
          },
          {
            "b": "proceedings of a conference jointly sponsored by Quinnipiac University and the Rockefeller Archive Center with additional support from the Dreyfus Health Foundation /"
          },
          {
            "c": "edited by Benjamin B. Page and David A. Valone."
          }
        ]
      }
    },
    {
      "260": {
        "ind1": "\\",
        "ind2": "\\",
        "subfields": [
          {
            "a": "Lanham, Md. :"
          },
          {
            "b": "University Press of America,"
          },
          {
            "c": "\u00a92007."
          }
        ]
      }
    },
    {
      "300": {
        "ind1": "\\",
        "ind2": "\\",
        "subfields": [
          {
            "a": "xviii, 195 pages :"
          },
          {
            "b": "illustrations ;"
          },
          {
            "c": "23 cm"
          }
        ]
      }
    },
    {
      "336": {
        "ind1": "\\",
        "ind2": "\\",
        "subfields": [
          {
            "a": "text"
          },
          {
            "b": "txt"
          },
          {
            "2": "rdacontent"
          }
        ]
      }
    },
    {
      "337": {
        "ind1": "\\",
        "ind2": "\\",
        "subfields": [
          {
            "a": "unmediated"
          },
          {
            "b": "n"
          },
          {
            "2": "rdamedia"
          }
        ]
      }
    },
    {
      "338": {
        "ind1": "\\",
        "ind2": "\\",
        "subfields": [
          {
            "a": "volume"
          },
          {
            "b": "nc"
          },
          {
            "2": "rdacarrier"
          }
        ]
      }
    },
    {
      "504": {
        "ind1": "\\",
        "ind2": "\\",
        "subfields": [
          {
            "a": "Includes bibliographical references and index."
          }
        ]
      }
    },
    {
      "505": {
        "ind1": "0",
        "ind2": "0",
        "subfields": [
          {
            "g": "Part I"
          },
          {
            "t": "Historical Considerations --"
          },
          {
            "g": "Chapter 1"
          },
          {
            "t": "Evaluation and Accountability: with a case study of the Early Rockefeller Foundation /"
          },
          {
            "r": "Benjamin B. Page"
          },
          {
            "g": "3 --"
          },
          {
            "g": "Chapter 2"
          },
          {
            "t": "The Rockefeller Foundation's 1925 Malaria Film: A Case Study in Early Public Health Filmmaking /"
          },
          {
            "r": "Marianne Fedunkiw"
          },
          {
            "g": "14 --"
          },
          {
            "g": "Chapter 3"
          },
          {
            "t": "Foundations, Eugenic Sterilization, and the Emergence of the World Population Control Movement /"
          },
          {
            "r": "David A. Valone"
          },
          {
            "g": "35 --"
          },
          {
            "g": "Chapter 4"
          },
          {
            "t": "Selskar Gunn and Paul Russell of the Rockefeller Foundation: A Contrast in Styles /"
          },
          {
            "r": "Socrates Listios"
          },
          {
            "g": "44 --"
          },
          {
            "g": "Chapter 5"
          },
          {
            "t": "Globalizing Primary Care: Rockefeller Philanthropy and the Development of Community-Based Approach to Public Health in Sri Lanka-What Can We Learn? /"
          },
          {
            "r": "Soma Hewa"
          },
          {
            "g": "56 --"
          },
          {
            "g": "Chapter 6"
          },
          {
            "t": "Of Mice, Vaccines and Men: The Yellow Fever Research Program of the Rockefeller Foundation in Colombia, 1932-1948 /"
          },
          {
            "r": "Paola Mejia"
          },
          {
            "g": "73 --"
          },
          {
            "g": "Chapter 7"
          },
          {
            "t": "\"Working through government\" and \"working in close co-operation with government\": A Perspective on the Rockefeller Public Health Program in Colonial India /"
          },
          {
            "r": "Shirish N. Kavadi"
          },
          {
            "g": "96 --"
          },
          {
            "g": "Part II"
          },
          {
            "t": "The Contemporary Scene --"
          },
          {
            "g": "Chapter 8"
          },
          {
            "t": "Community Based Primary Health Care Empowerment and Equity /"
          },
          {
            "r": "Carl E. Taylor, Henry G. Taylor"
          },
          {
            "g": "115 --"
          },
          {
            "g": "Chapter 9"
          },
          {
            "t": "The Need for Diversity in Models of Medicine /"
          },
          {
            "r": "James Sensenig"
          },
          {
            "g": "125 --"
          },
          {
            "g": "Chapter 10"
          },
          {
            "t": "Agenda-Setting Diseases /"
          },
          {
            "r": "Ronald T. Rozett"
          },
          {
            "g": "130 --"
          },
          {
            "g": "Chapter 11"
          },
          {
            "t": "Systems Reform-Seeking the Holy Grail /"
          },
          {
            "r": "Thomas Rathwell"
          },
          {
            "g": "141 --"
          },
          {
            "g": "Chapter 12"
          },
          {
            "t": "Faith-Based Organizations Field Perspectives on Sustainable Heathcare /"
          },
          {
            "r": "Chinyelu K. Lee, Dorothy Brewster-Lee"
          },
          {
            "g": "150 --"
          },
          {
            "g": "Chapter 13"
          },
          {
            "t": "Malaria and International Health Organizations /"
          },
          {
            "r": "Socrates Litsios"
          },
          {
            "g": "159 --"
          },
          {
            "g": "Chapter 14"
          },
          {
            "t": "Obligations and Accountability in International Public Health: State and Non-State Actors /"
          },
          {
            "r": "Stephen R. Latham"
          },
          {
            "g": "165 --"
          },
          {
            "g": "Part III"
          },
          {
            "t": "Toward Tomorrow --"
          },
          {
            "g": "Chapter 15"
          },
          {
            "t": "Racing Against the Global Industrial Hangover-Thoughts on Surviving the Morning After /"
          },
          {
            "r": "Peter C. Goldmark, Jr."
          },
          {
            "g": "175."
          }
        ]
      }
    },
    {
      "610": {
        "ind1": "2",
        "ind2": "0",
        "subfields": [
          {
            "a": "Rockefeller Foundation."
          }
        ]
      }
    },
    {
      "650": {
        "ind1": "\\",
        "ind2": "0",
        "subfields": [
          {
            "a": "Public health"
          },
          {
            "y": "20th century"
          },
          {
            "v": "Congresses."
          }
        ]
      }
    },
    {
      "650": {
        "ind1": "\\",
        "ind2": "0",
        "subfields": [
          {
            "a": "Public health"
          },
          {
            "y": "21st century"
          },
          {
            "v": "Congresses."
          }
        ]
      }
    },
    {
      "650": {
        "ind1": "\\",
        "ind2": "0",
        "subfields": [
          {
            "a": "Medical policy"
          },
          {
            "y": "20th century"
          },
          {
            "v": "Congresses."
          }
        ]
      }
    },
    {
      "650": {
        "ind1": "\\",
        "ind2": "0",
        "subfields": [
          {
            "a": "Medical policy"
          },
          {
            "y": "21st century"
          },
          {
            "v": "Congresses."
          }
        ]
      }
    },
    {
      "650": {
        "ind1": "\\",
        "ind2": "0",
        "subfields": [
          {
            "a": "World health"
          },
          {
            "v": "Congresses."
          }
        ]
      }
    },
    {
      "650": {
        "ind1": "\\",
        "ind2": "0",
        "subfields": [
          {
            "a": "World health."
          }
        ]
      }
    },
    {
      "610": {
        "ind1": "2",
        "ind2": "2",
        "subfields": [
          {
            "a": "Rockefeller Foundation."
          }
        ]
      }
    },
    {
      "650": {
        "ind1": "1",
        "ind2": "2",
        "subfields": [
          {
            "a": "Global Health"
          }
        ]
      }
    },
    {
      "650": {
        "ind1": "2",
        "ind2": "2",
        "subfields": [
          {
            "a": "Fund Raising"
          },
          {
            "x": "history"
          }
        ]
      }
    },
    {
      "650": {
        "ind1": "2",
        "ind2": "2",
        "subfields": [
          {
            "a": "Health Policy"
          },
          {
            "x": "history"
          }
        ]
      }
    },
    {
      "650": {
        "ind1": "2",
        "ind2": "2",
        "subfields": [
          {
            "a": "History, 20th Century"
          }
        ]
      }
    },
    {
      "650": {
        "ind1": "2",
        "ind2": "2",
        "subfields": [
          {
            "a": "International Cooperation"
          },
          {
            "x": "history"
          }
        ]
      }
    },
    {
      "650": {
        "ind1": "2",
        "ind2": "2",
        "subfields": [
          {
            "a": "Public Health Administration"
          },
          {
            "x": "history"
          }
        ]
      }
    },
    {
      "610": {
        "ind1": "2",
        "ind2": "7",
        "subfields": [
          {
            "a": "Rockefeller Foundation."
          },
          {
            "2": "fast"
          },
          {
            "0": "(OCoLC)fst00528303"
          }
        ]
      }
    },
    {
      "650": {
        "ind1": "\\",
        "ind2": "7",
        "subfields": [
          {
            "a": "Medical policy."
          },
          {
            "2": "fast"
          },
          {
            "0": "(OCoLC)fst01014505"
          }
        ]
      }
    },
    {
      "650": {
        "ind1": "\\",
        "ind2": "7",
        "subfields": [
          {
            "a": "Public health."
          },
          {
            "2": "fast"
          },
          {
            "0": "(OCoLC)fst01082238"
          }
        ]
      }
    },
    {
      "650": {
        "ind1": "\\",
        "ind2": "7",
        "subfields": [
          {
            "a": "World health."
          },
          {
            "2": "fast"
          },
          {
            "0": "(OCoLC)fst01181338"
          }
        ]
      }
    },
    {
      "648": {
        "ind1": "\\",
        "ind2": "7",
        "subfields": [
          {
            "a": "1900-2099"
          },
          {
            "2": "fast"
          }
        ]
      }
    },
    {
      "655": {
        "ind1": "\\",
        "ind2": "2",
        "subfields": [
          {
            "a": "Congress"
          }
        ]
      }
    },
    {
      "655": {
        "ind1": "\\",
        "ind2": "7",
        "subfields": [
          {
            "a": "Conference papers and proceedings."
          },
          {
            "2": "fast"
          },
          {
            "0": "(OCoLC)fst01423772"
          }
        ]
      }
    },
    {
      "655": {
        "ind1": "\\",
        "ind2": "7",
        "subfields": [
          {
            "a": "Conference papers and proceedings."
          },
          {
            "2": "lcgft"
          }
        ]
      }
    },
    {
      "700": {
        "ind1": "1",
        "ind2": "\\",
        "subfields": [
          {
            "a": "Page, Benjamin B."
          }
        ]
      }
    },
    {
      "700": {
        "ind1": "1",
        "ind2": "\\",
        "subfields": [
          {
            "a": "Valone, David A."
          }
        ]
      }
    },
    {
      "710": {
        "ind1": "2",
        "ind2": "\\",
        "subfields": [
          {
            "a": "Quinnipiac University."
          }
        ]
      }
    },
    {
      "710": {
        "ind1": "2",
        "ind2": "\\",
        "subfields": [
          {
            "a": "Rockefeller Archive Center."
          }
        ]
      }
    },
    {
      "776": {
        "ind1": "0",
        "ind2": "8",
        "subfields": [
          {
            "i": "Online version:"
          },
          {
            "t": "Philanthropic foundations and the globalization of scientific medicine and public health."
          },
          {
            "d": "Lanham, Md. : University Press of America, \u00a92007"
          },
          {
            "w": "(OCoLC)891562035"
          }
        ]
      }
    },
    {
      "856": {
        "ind1": "4",
        "ind2": "1",
        "subfields": [
          {
            "3": "Table of contents"
          },
          {
            "u": "http://catdir.loc.gov/catdir/toc/fy0803/2007926459.html"
          }
        ]
      }
    },
    {
      "994": {
        "ind1": "\\",
        "ind2": "\\",
        "subfields": [
          {
            "a": "Z0"
          },
          {
            "b": "NYRVC"
          }
        ]
      }
    },
    {
      "948": {
        "ind1": "\\",
        "ind2": "\\",
        "subfields": [
          {
            "h": "NO HOLDINGS IN NYRVC - 79 OTHER HOLDINGS"
          }
        ]
      }
    },
    {
      "999": {
        "ind1": "\\",
        "ind2": "\\",
        "subfields": [
          {
            "a": "00000000013884"
          },
          {
            "b": "Copy 1"
          }
        ]
      }
    },
    {
      "999": {
        "ind1": "\\",
        "ind2": "\\",
        "subfields": [
          {
            "a": "00000000013880"
          },
          {
            "b": "Copy 2"
          }
        ]
      }
    }
  ]
}